<?xml version="1.0" encoding="UTF-8" ?>
<collection xmlns:xsi="http://www.w3.org/2001/XMLSchema-instance"
    xsi:schemaLocation="http://www.loc.gov/MARC21/slim
        http://www.loc.gov/standards/marcxml/schema/MARC21slim.xsd"
    xmlns="http://www.loc.gov/MARC21/slim">
<record>
  <leader>00202cam a2200361 i 4500</leader>
  <controlfield tag="001">b12481932</controlfield>
  <controlfield tag="003">LeBAU</controlfield>
  <controlfield tag="005">20200130</controlfield>
  <controlfield tag="008">970611s1927    sy            ||0 0 ara d</controlfield>
  <datafield tag="035" ind1=" " ind2=" ">
    <subfield code="a">ocn784339580</subfield>
  </datafield>
  <datafield tag="040" ind1=" " ind2=" ">
    <subfield code="a">LEAUB</subfield>
    <subfield code="b">ara</subfield>
    <subfield code="e">rda</subfield>
    <subfield code="c">LEAUB</subfield>
    <subfield code="d">LEAUB</subfield>
  </datafield>
  <datafield tag="082" ind1="0" ind2="4">
    <subfield code="a">492.75</subfield>
    <subfield code="2">23</subfield>
  </datafield>
  <datafield tag="100" ind1="1" ind2=" ">
    <subfield code="6">880-01</subfield>
    <subfield code="a">Ḥamawī, Aḥmad ibn Aḥmad al-Sammān.</subfield>
    <subfield code="e">author.</subfield>
    <subfield code="0">https://lccn.loc.gov/nr94011135 ,</subfield>
  </datafield>
  <datafield tag="245" ind1="1" ind2="0">
    <subfield code="6">880-02</subfield>
    <subfield code="a">Rashād al-sālik fī al-ziyādah ʻalá qism al-naḥw fī Alfīyat ibn Mālik /</subfield>
    <subfield code="c">bi-qalam Aḥmad ibn Aḥmad al-Sammān.</subfield>
  </datafield>
  <datafield tag="264" ind1=" " ind2="1">
    <subfield code="6">880-03</subfield>
    <subfield code="a">Ḥamāh, [Sūriyā] :</subfield>
    <subfield code="b">al-Maktabah al-Adabīyah,</subfield>
    <subfield code="c">1245 H. = 1927 M.</subfield>
  </datafield>
  <datafield tag="300" ind1=" " ind2=" ">
    <subfield code="6">880-04</subfield>
    <subfield code="a">59 pages ;</subfield>
    <subfield code="c">21 cm</subfield>
  </datafield>
  <datafield tag="336" ind1=" " ind2=" ">
    <subfield code="a">text</subfield>
    <subfield code="b">txt</subfield>
    <subfield code="2">rdacontent</subfield>
  </datafield>
  <datafield tag="337" ind1=" " ind2=" ">
    <subfield code="a">unmediated</subfield>
    <subfield code="b">n</subfield>
    <subfield code="2">rdamedia</subfield>
  </datafield>
  <datafield tag="338" ind1=" " ind2=" ">
    <subfield code="a">volume</subfield>
    <subfield code="b">nc</subfield>
    <subfield code="2">rdacarrier</subfield>
  </datafield>
  <datafield tag="500" ind1=" " ind2=" ">
    <subfield code="a">"وهي مستنبطة من مهمات كتب النحو فما كان مأخوذاً عن نظم فهلاله بظفرين وما كان عن نثر فهلاله بظفر واحد والبيت الذي فيه تغيير فهو بين خطين هكذا"</subfield>
  </datafield>
  <datafield tag="600" ind1="1" ind2="4">
    <subfield code="a">ابن مالك، محمد بن عبد الله،</subfield>
    <subfield code="d">-1274.</subfield>
    <subfield code="t">الألفية.</subfield>
  </datafield>
  <datafield tag="600" ind1="1" ind2="0">
    <subfield code="a">Ibn Mālik, Muḥammad ibn ʻAbd Allāh,</subfield>
    <subfield code="d">-1274.Alfīyah.</subfield>
  </datafield>
  <datafield tag="650" ind1=" " ind2="4">
    <subfield code="a">اللغة العربية</subfield>
    <subfield code="x">قواعد.</subfield>
  </datafield>
  <datafield tag="650" ind1=" " ind2="0">
    <subfield code="a">Arabic language</subfield>
    <subfield code="x">Grammar.</subfield>
  </datafield>
  <datafield tag="852" ind1=" " ind2=" ">
    <subfield code="a">Jafet Library</subfield>
    <subfield code="e">American University of Beirut, Bliss Street , Beirut, Lebanon.</subfield>
  </datafield>
  <datafield tag="880" ind1="1" ind2=" ">
    <subfield code="6">100-01/(3/r</subfield>
    <subfield code="a">الحموي  احمد بن احمد السمان،</subfield>
    <subfield code="0">https://lccn.loc.gov/nr94011135 ,</subfield>
    <subfield code="e">مؤلف. </subfield>
    <subfield code="4">aut.</subfield>
  </datafield>
  <datafield tag="880" ind1="1" ind2="0">
    <subfield code="6">245-02/(3/r</subfield>
    <subfield code="a">رشاد السالك في الزيادة على قسم النحو في ألفية ابن مالك /</subfield>
    <subfield code="c">بقلم أحمد بن أحمد السمان.</subfield>
  </datafield>
  <datafield tag="880" ind1=" " ind2="1">
    <subfield code="6">264-03/(3/r</subfield>
    <subfield code="a">حماه، [سوريا] :</subfield>
    <subfield code="b">المكتبة الادبية،</subfield>
    <subfield code="c">1245 هـ. = 1927 م.</subfield>
  </datafield>
  <datafield tag="880" ind1=" " ind2=" ">
    <subfield code="6">300-04/(3/r</subfield>
    <subfield code="a">59 صفحة ؛</subfield>
    <subfield code="c">21 سم</subfield>
  </datafield>
  <datafield tag="907" ind1=" " ind2=" ">
    <subfield code="a">.b12481932</subfield>
    <subfield code="b">20-01-31</subfield>
    <subfield code="c">11-05-24</subfield>
  </datafield>
  <datafield tag="907" ind1=" " ind2=" ">
    <subfield code="a">.b12481932</subfield>
    <subfield code="b">11-10-11</subfield>
    <subfield code="c">11-05-24</subfield>
  </datafield>
  <datafield tag="945" ind1=" " ind2=" ">
    <subfield code="f">J</subfield>
    <subfield code="a">492.75:H198rA</subfield>
    <subfield code="i">01025660</subfield>
    <subfield code="j">.i12969230</subfield>
    <subfield code="l">u0503</subfield>
  </datafield>
  <datafield tag="998" ind1=" " ind2=" ">
    <subfield code="a">u05</subfield>
    <subfield code="b">97-06-11</subfield>
    <subfield code="c">m</subfield>
    <subfield code="d">a  </subfield>
    <subfield code="e">-</subfield>
    <subfield code="f">ara</subfield>
    <subfield code="g">sy </subfield>
    <subfield code="h">0</subfield>
    <subfield code="i">1</subfield>
  </datafield>
</record>
</collection>
